3336 5146
728 387 931 447 „10-

356 548 556 630 Quamquam
571 549 675 609 textus
690 545 811 628 integer
827 544 945 608 nullius
960 544 1057 607 trium
1071 543 1198 607 illorum
1206 565 1390 628 graecorum

273 655 480 738 interpretum
502 651 640 735 Aquilae
662 650 754 732 (Aq.),
777 650 958 734 Symmachi
980 651 1056 733 (Σ),
1083 650 1308 714 Theodotionis
1332 651 1390 733 (Θ)

275 763 451 825 reservatus
478 763 537 837 est,
574 763 714 822 attamen
739 758 802 822 loci
828 758 1019 824 difficiliores
1044 763 1136 840 atque
1164 757 1322 841 graviores
1352 780 1391 820 ex

272 866 418 951 Origenis
440 865 583 948 hexaplis
611 867 651 929 ob
677 887 746 927 eam
777 887 904 928 causam
929 866 963 929 in
989 865 1149 929 codicibus
1174 865 1295 949 graecis
1317 869 1391 927 sunt

273 973 417 1039 annotati
439 995 457 1036 a
479 971 595 1035 criticis
618 970 868 1054 doctissimisque
888 972 971 1050 viris,
992 976 1028 1036 ut
1050 971 1172 1036 collatis
1195 972 1338 1036 codicum
1361 975 1391 1034 et

274 1080 453 1144 versionum
476 1076 692 1159 discrepantiis
714 1077 801 1142 locos
816 1077 888 1141 illos
910 1059 1110 1162 interpretari
1124 1082 1262 1161 possent.
1306 1077 1391 1154 Quae

275 1187 494 1250 annotationes
513 1204 596 1248 nunc
611 1187 684 1247 sunt
699 1183 798 1247 editae
813 1207 832 1247 a
849 1182 883 1248 F.
898 1184 1000 1249 Field:
1016 1184 1161 1268 Origenis
1175 1183 1391 1267 Hexaplorum

274 1316 355 1376 quae
381 1296 558 1375 supersunt.
595 1289 710 1354 Oxonii
734 1295 821 1368 1875,
849 1294 935 1373 quod
952 1303 1040 1374 'opus
1069 1313 1164 1373 quam
1189 1291 1267 1354 utile
1288 1290 1330 1354 sit
1351 1294 1391 1354 ad

222 1462 224 1464 ,
275 1399 501 1464 restituendam
522 1397 694 1480 genuinam
715 1380 890 1461 versionem
911 1419 985 1460 mox
1006 1397 1191 1462 videbimus.

357 1504 529 1584 „Omnibus
565 1503 765 1594 mediocriter
800 1508 922 1567 tantum
958 1526 1089 1588 graecae
1118 1505 1247 1588 linguae
1283 1505 1390 1588 peritis

250 1614 376 1698 primo
407 1611 522 1675 intuitu
550 1615 651 1693 patet,
686 1608 843 1673 Vaticano
875 1616 905 1674 et
934 1612 1147 1676 Alexandrino
1178 1612 1285 1676 codice
1314 1614 1390 1676 duas

273 1720 411 1784 diversas
434 1719 508 1782 dicti
531 1717 704 1798 (dudioum)
727 1716 803 1780 libri
824 1718 990 1796 versiones,
1011 1719 1061 1782 vel
1079 1720 1196 1783 'saltem
1217 1722 1295 1782 duas
1316 1718 1390 1782 Edi-

273 1827 375 1891 tiones
397 1825 577 1908 saepissime
599 1847 635 1888 ac
656 1825 794 1887 multum
814 1824 896 1888 inter
924 1848 956 1888 se
979 1826 1191 1909 discrepantes
1213 1825 1390 1890 contineri“.

274 1934 349 1999 Em.
372 1931 483 2007 (trabe,
506 1931 640 2013 epistola
662 1934 703 1995 ad
717 1930 855 1994 Millium
870 1954 899 2014 p.
915 1937 963 1999 39.
985 1931 1020 1996 Ο.
1033 1932 1067 1996 F.
1082 1933 1242 1998 Fritzsche
1263 1933 1390 2014 quidem

273 2039 379 2122 (Liber
395 2037 417 2102 J
419 2037 547 2104 udicum
565 2039 736 2102 secundum
751 2037 835 2100 LXX
849 2039 1043 2120 interpretes.
1067 2040 1276 2120 Turici1867)
1292 2037 1393 2102 nostri

276 2145 352 2209 libri
366 2149 429 2208 tres
444 2145 508 2207 iam
524 2149 646 2208 exstare
661 2143 812 2208 editiones
828 2145 957 2218 censuit,
974 2149 1028 2210 sed
1044 2168 1120 2228 quas
1129 2147 1225 2210 habet
1232 2145 1393 2210 Fritusche

275 2255 443 2316 secundam
460 2255 490 2316 et
508 2252 632 2315 tertiam
649 2252 818 2315 editionem
840 2273 903 2315 non
924 2255 1049 2315 tantum
1063 2252 1144 2316 inter
1159 2275 1192 2316 se
1207 2254 1392 2334 discrepant,

274 2363 311 2422 ut
332 2360 370 2423 de
392 2358 484 2422 tertia
506 2359 710 2442 disputemus.

357 2465 429 2529 Jam
458 2488 530 2529 cum
555 2466 588 2530 in
614 2488 650 2530 eo
673 2466 727 2539 sit,
754 2470 791 2529 ut
813 2489 851 2530 ex
873 2470 1046 2530 ceterarum
1067 2467 1245 2531 versionum
1268 2487 1392 2553 graeca·

275 2594 347 2635 rum
362 2571 506 2662 reliquiis
521 2573 722 2637 rest'tuamus
738 2573 812 2637 τῶν
826 2567 855 2637 o'
866 2573 1050 2652 versionem,
1072 2577 1163 2637 antea
1178 2594 1241 2636 non
1256 2571 1393 2636 alienum

276 2701 342 2744 esse
357 2677 502 2742 existimo
518 2701 687 2752 recensere,
711 2702 792 2764 quae
808 2684 976 2763 supersunt
997 2684 1091 2763 atque
1113 2686 1272 2759 annotare,
1300 2703 1391 2764 quae-

229 2807 235 2819 ·
273 2808 347 2849 nam
362 2789 397 2850 Σ
415 2785 464 2849 vel
484 2789 511 2850 Θ
535 2808 572 2849 ex
587 2786 646 2870 Aq.
667 2791 698 2851 et
720 2790 747 2851 Θ
768 2808 807 2849 ex
821 2789 856 2850 Σ
874 2787 908 2850 in
929 2809 999 2850 suas
1021 2787 1179 2851 versiones
1202 2787 1393 2870 sumpserint

273 2892 430 2974 simulque
452 2912 693 2976 cognoscemus,
720 2914 785 2956 non
807 2894 951 2956 omnibus
974 2893 1049 2957 locis
1071 2893 1198 2957 illorum
1219 2893 1392 2957 versionem
1417 2950 1418 2954 ,

277 2998 452 3064 consentire
476 3022 549 3063 cum
570 3004 679 3063 nostro
701 3003 790 3063 textu
811 2999 897 3062 hebr.

759 3299 846 3403 Gap.
876 3303 907 3382 2.

628 3511 680 3577 De
702 3512 850 3595 Aquilae
872 3492 1047 3583 versione.
1100 3485 1102 3488 ‚

274 3662 300 3704 c.
324 3648 351 3706 1.

362 3755 409 3814 15.
433 3759 551 3838 aarum
573 3744 635 3845 aba
658 3762 719 3841 us]
743 3741 825 3836 aasz?
846 3748 909 3840 uta
931 3766 979 3836 aa
1001 3748 1066 3837 τήν
1082 3747 1220 3817 rosade
1234 3747 1299 3836 τὴν
1314 3742 1395 3831 ἄνω,

274 3857 330 3920 καὶ
351 3848 416 3938 τήν
438 3848 579 3920 rosade
606 3851 671 3939 τήν
698 3853 794 3922 κάτω
819 3841 963 3944 (Procop.
989 3860 1115 3942 inuCat.
1142 3859 1275 3942 Niceph.
1300 3859 1334 3924 T.
1358 3861 1397 3938 H,

275 3985 306 4045 p.
331 3965 401 4040 123)
428 3984 485 4044 pro
514 3984 576 4045 quo
604 3967 664 4026 cod
686 3969 724 4030 85
747 3967 857 4030 habet:
872 3961 951 4050 τήν
973 3953 1123 4050 Γολγώθ
1143 3955 1231 4041 ἂνω,
1257 3965 1312 4030 καὶ
1335 3962 1399 4050 τήν

276 4061 425 4150 Polym&
446 4057 549 4133 κάτω.
587 4071 648 4154 Aq.
670 4071 757 4134 solus
786 4074 884 4137 verba
905 4074 991 4137 hebr.
1013 4075 1043 4137 h.
1065 4073 1085 4138 l.
1110 4074 1323 4158 transscripsit
1344 4075 1398 4138 lit·

274 4236 366 4286 torum
389 4233 588 4302 origenicorum
610 4237 797 4291 conlationem
816 4239 975 4293 ostendatur
998 4238 1064 4305 quid
1080 4240 1209 4308 Aquilae,
1236 4240 1399 4309 Symmachi,

274 4317 470 4372 Theodoticnis
501 4320 530 4373 in
558 4324 678 4374 veterem
705 4321 855 4375 versionem
885 4323 1035 4376 immistum
1065 4323 1124 4377 sit“.
1167 4324 1310 4378 Librorum
1339 4324 1400 4378 Vct.

275 4400 346 4455 Test.
365 4401 431 4454 Pars
448 4402 521 4472 prior
538 4423 563 4474 p.
582 4404 640 4458 XV.
669 4469 671 4473 ¹
1224 4425 1227 4430 “
